<?xml version="1.0" encoding="UTF-8"?>
<record xmlns="http://www.loc.gov/MARC21/slim">
   <leader>01549cam a2200349 a 4500</leader>
   <controlfield tag="001">416805</controlfield>
   <controlfield tag="003">NjP</controlfield>
   <controlfield tag="005">20190705140609.0</controlfield>
   <controlfield tag="008">871216s1937    sy a          000 0 ara d</controlfield>
   <datafield tag="024" ind1="7" ind2=" ">
      <subfield code="a">princeton_aco004919</subfield>
      <subfield code="2">local</subfield>
   </datafield>
   <datafield ind1=" " ind2=" " tag="035">
      <subfield code="a">416805</subfield>
   </datafield>
   <datafield ind1=" " ind2=" " tag="040">
      <subfield code="a">NjP</subfield>
      <subfield code="c">PUL</subfield>
      <subfield code="d">PUL</subfield>
   </datafield>
   <datafield ind1=" " ind2=" " tag="035">
      <subfield code="a">(CStRLIN)NJPG87-B62667</subfield>
   </datafield>
   <datafield ind1=" " ind2=" " tag="035">
      <subfield code="9">ABZ2342TS</subfield>
   </datafield>
   <datafield ind1=" " ind2=" " tag="035">
      <subfield code="a">(NjP)416805</subfield>
   </datafield>
   <datafield ind1=" " ind2=" " tag="043">
      <subfield code="a">a-is---</subfield>
   </datafield>
   <datafield ind1=" " ind2=" " tag="049">
      <subfield code="a">PULL</subfield>
   </datafield>
   <datafield ind1=" " ind2=" " tag="035">
      <subfield code="a">(OCoLC)ocm23695456</subfield>
   </datafield>
   <datafield ind1="0" ind2="3" tag="245">
      <subfield code="6">880-01</subfield>
      <subfield code="a">al-Muʼtamar al-ʻArabī al-qawmī fī Bulūdān, 1937 /</subfield>
      <subfield code="c">ʻuniya bi-jamʻihi wa-tadqīqihi Fuʼād Khalīl Mufarrij.</subfield>
   </datafield>
   <datafield ind1=" " ind2=" " tag="260">
      <subfield code="6">880-02</subfield>
      <subfield code="a">Dimashq :</subfield>
      <subfield code="b">al-Maktab al-ʻArabī al-Qawmī,</subfield>
      <subfield code="c">[1937?]</subfield>
   </datafield>
   <datafield ind1=" " ind2=" " tag="300">
      <subfield code="a">5, 187 p., [3] leaves of plates :</subfield>
      <subfield code="b">ill. ;</subfield>
      <subfield code="c">25 cm.</subfield>
   </datafield>
   <datafield ind1="2" ind2="0" tag="611">
      <subfield code="6">880-03</subfield>
      <subfield code="a">Muʼtamar al-ʻArabī al-Qawmī fī Bulūdān</subfield>
      <subfield code="d">(1937)</subfield>
      <subfield code="0">http://id.loc.gov/authorities/names/nr91004447</subfield>
   </datafield>
   <datafield ind1=" " ind2="0" tag="651">
      <subfield code="a">Palestine</subfield>
      <subfield code="x">Politics and government.</subfield>
      <subfield code="0">http://id.loc.gov/authorities/subjects/sh85097180</subfield>
   </datafield>
   <datafield ind1="1" ind2=" " tag="700">
      <subfield code="6">880-04</subfield>
      <subfield code="a">Mufarrij, Fuʼād Khalīl.</subfield>
   </datafield>
   <datafield ind1="0" ind2="2" tag="880">
      <subfield code="6">245-01/r</subfield>
      <subfield code="a">المؤتمر العربي القومي في بلودان، 1937 /</subfield>
      <subfield code="c">عني بجمعه وتدقيقه فؤاد خليل مفرج.</subfield>
   </datafield>
   <datafield ind1=" " ind2=" " tag="880">
      <subfield code="6">260-02/r</subfield>
      <subfield code="a">دمشق :</subfield>
      <subfield code="b">المكتب العربي القومي،</subfield>
      <subfield code="c">[1937?]</subfield>
   </datafield>
   <datafield ind1="2" ind2="0" tag="880">
      <subfield code="6">611-03/r</subfield>
      <subfield code="a">مؤتمر العربي القومي في بلودان</subfield>
      <subfield code="d">(1937)</subfield>
   </datafield>
   <datafield ind1="1" ind2=" " tag="880">
      <subfield code="6">700-04/r</subfield>
      <subfield code="a">مفرج، فؤاد خليل.</subfield>
   </datafield>
   <datafield ind1=" " ind2=" " tag="998">
      <subfield code="a">01/29/91</subfield>
      <subfield code="s">9118</subfield>
      <subfield code="n">NjP</subfield>
      <subfield code="w">NJPG87B62667</subfield>
      <subfield code="d">12/16/87</subfield>
      <subfield code="c">JEB</subfield>
      <subfield code="b">JEB</subfield>
      <subfield code="i">910129</subfield>
      <subfield code="l">NJPG</subfield>
   </datafield>
   <datafield ind1=" " ind2=" " tag="911">
      <subfield code="a">19921028</subfield>
   </datafield>
   <datafield ind1=" " ind2=" " tag="912">
      <subfield code="a">19910129000000.0</subfield>
   </datafield>
   <datafield ind1=" " ind2=" " tag="994">
      <subfield code="a">C0</subfield>
      <subfield code="b">PUL</subfield>
   </datafield>
   <datafield ind1=" " ind2=" " tag="999">
      <subfield code="a">416805</subfield>
   </datafield>
   <datafield ind1=" " ind2=" " tag="979">
      <subfield code="a">(OCoLC)ocn175785664</subfield>
   </datafield>
   <datafield ind1="0" ind2="0" tag="852">
      <subfield code="0">453934</subfield>
      <subfield code="b">nec</subfield>
      <subfield code="t">1</subfield>
      <subfield code="h">DS119.7</subfield>
      <subfield code="i">.M876</subfield>
   </datafield>
   <datafield ind1=" " ind2=" " tag="959">
      <subfield code="a">2000-06-13 00:00:00 -0400</subfield>
   </datafield>
</record>
